@misc{datasetcardiovascular,
	title={Cardiovascular Disease dataset},
	author={Dataset, Kaggle},
	publisher={Available}
}

@mastersthesis{santos2022analise,
	title={Uma análise exploratória de dados e o uso de aprendizado de máquina para classificação de doenças cardiovasculares},
	author={Santos, Bruno Bruno Silva dos},
	type={{B.S.} thesis},
	year={2022},
	school={Universidade Federal do Rio Grande do Norte}
}

@article{cervato1997dieta,
	title={Dieta habitual e fatores de risco para doen{\c{c}}as cardiovasculares},
	author={Cervato, Ana Maria and Mazzilli, Rosa Nilda and Martins, Ignez S and Marucci, Maria de F{\'a}tima N},
	journal={Revista de Sa{\'u}de P{\'u}blica},
	volume={31},
	pages={227--235},
	year={1997},
	publisher={SciELO Public Health}
}

@misc{opas-doenças-cardiovasculares,
	author = "{Organização Pan-Americana de Saúde} and {Organização Mundial da Saúde}",
	title = "Doenças Cardiovasculares: Folha informativa",
	howpublished = "[Internet]",
	year = "2022",
	note = "Brasil: OPAS/OMS",
	url = "https://www.paho.org/pt/topicos/doencas-cardiovasculares"
}

@misc{who-cardiovascular-diseases,
	author = "{World Health Organization}",
	title = "Cardiovascular diseases",
	year = "2021",
	howpublished = "Disponível em",
	url = "https://www.who.int/news-room/fact-sheets/detail/cardiovascular-diseases-(cvds)"
}

@article{brewer2016relative,
	title={The relative performance of AIC, AICC and BIC in the presence of unobserved heterogeneity},
	author={Brewer, Mark J and Butler, Adam and Cooksley, Susan L},
	journal={Methods in Ecology and Evolution},
	volume={7},
	number={6},
	pages={679--692},
	year={2016},
	publisher={Wiley Online Library}
}

@misc{wiki-confusion-matrix,
	author = "{Wikipedia contributors}",
	title = "Confusion matrix --- {Wikipedia}{,} The Free Encyclopedia",
	howpublished = "[Online]",
	year = "Accessed 2023",
	url = "https://en.wikipedia.org/wiki/Confusion_matrix"
}